<?xml version="1.0" encoding="UTF-8"?><collection xmlns="http://www.loc.gov/MARC21/slim"><record><leader>00565nam--2200193-i-4500</leader><controlfield tag="001">000026271</controlfield><controlfield tag="002">20161230</controlfield><controlfield tag="005">20161230201036</controlfield><controlfield tag="008">060222s1000------------r-----000-0-eng-d</controlfield><datafield ind1=" " ind2=" " tag="020"><subfield code="a">0080180604</subfield></datafield><datafield ind1=" " ind2=" " tag="040"><subfield code="a">IFIN-HH</subfield></datafield><datafield ind1=" " ind2=" " tag="080"><subfield code="a">537.61:537.226.4</subfield></datafield><datafield ind1="1" ind2=" " tag="100"><subfield code="a">Novakovic, Ljubisav</subfield></datafield><datafield ind1="1" ind2="0" tag="245"><subfield code="a">The pseudo-spin method in magnetism and ferroelectricity</subfield><subfield code="c">Ljubisav novakovic</subfield></datafield><datafield ind1=" " ind2=" " tag="260"><subfield code="a">Oxford</subfield><subfield code="b">Pergamon Press</subfield><subfield code="c">1975</subfield></datafield><datafield ind1=" " ind2=" " tag="300"><subfield code="a">202P</subfield></datafield><datafield ind1=" " ind2=" " tag="490"><subfield code="a">International Series In Natural Phylosophy</subfield><subfield code="v">Vol. 77</subfield></datafield><datafield ind1=" " ind2=" " tag="852"><subfield code="a">47021</subfield><subfield code="c">537:538</subfield></datafield><datafield ind1=" " ind2=" " tag="CAT"><subfield code="a">Sys</subfield><subfield code="c">20110623</subfield><subfield code="h">115002</subfield></datafield></record></collection>